@online{mysql-2022,
    author = {MySQL},
    title = {Storage requirements},
    date = {2022-11-22},
    url = {https://dev.mysql.com/doc/refman/8.0/en/storage-requirements.html},
}
@online{dzone-2022,
    author = {DZone Database},
    title = {MySQL Data Type: An Overview of the Data Types in MySQL},
    date = {2022-11-22},
    url = {https://dzone.com/articles/mysql-data-types-an-overview-of-the-data-types-in},
}
