@online{mysql-2022,
    author = {MySQL},
    title = {Storage requirements},
    date = {2022-11-22},
    url = {https://dev.mysql.com/doc/refman/8.0/en/storage-requirements.html},
}
@online{dzone-2022,
    author = {DZone Database},
    title = {MySQL Data Type: An Overview of the Data Types in MySQL},
    date = {2022-11-22},
    url = {https://dzone.com/articles/mysql-data-types-an-overview-of-the-data-types-in},
}
@online{orcale-2022,
    language = {Deutsch},
    title = {8.12.3.1Â How MySQL Uses Memory},
    url = {https://docs.oracle.com/cd/E17952_01/mysql-8.0-en/memory-use.html},
}
@online{stackexchange-2012,
    date = {2012-10-21},
    language = {Deutsch},
    title = {How large should be mysql innodb_buffer_pool_size?},
    url = {https://dba.stackexchange.com/questions/27328/how-large-should-be-mysql-innodb-buffer-pool-size},
}
